
@article{iansiti_lakhani_2017, 
    title={The Truth About Blockchain }, 
    url={https://hbr.org/2017/01/the-truth-about-blockchain}, 
    journal={Harvard Business Review}, 
    author={Iansiti, Marco and Lakhani, Karim R.},
    year={2017}} 
    
   
@article{nakamoto2008bitcoin,
  title={Bitcoin: A peer-to-peer electronic cash system},
  author={Nakamoto, Satoshi and others},
  year={2008},
  publisher={Working Paper}
}


@misc{ethereum/solidity_2019,
    title={The Solidity Contract-Oriented Programming Language},
    author={ethereum},
    year={2019},
    publisher={Github},
    journal={GitHub repository},
    url={https://github.com/ethereum/solidity}
}


@article{wood2014ethereum,
  title={Ethereum: A secure decentralised generalised transaction ledger},
  author={Wood, Gavin and others},
  journal={Ethereum project yellow paper},
  volume={151},
  number={2014},
  pages={1--32},
  year={2014}
}


@inproceedings{grishchenko2018foundations,
  title={Foundations and tools for the static analysis of ethereum smart contracts},
  author={Grishchenko, Ilya and Maffei, Matteo and Schneidewind, Clara},
  booktitle={International Conference on Computer Aided Verification},
  pages={51--78},
  year={2018},
  organization={Springer}
}


@article{grech2018madmax,
  title={Madmax: Surviving out-of-gas conditions in ethereum smart contracts},
  author={Grech, Neville and Kong, Michael and Jurisevic, Anton and Brent, Lexi and Scholz, Bernhard and Smaragdakis, Yannis},
  journal={Proceedings of the ACM on Programming Languages},
  volume={2},
  number={OOPSLA},
  pages={116},
  year={2018},
  publisher={ACM}
}


@techreport{hildenbrandt2017kevm,
  title={Kevm: A complete semantics of the ethereum virtual machine},
  author={Hildenbrandt, Everett and Saxena, Manasvi and Zhu, Xiaoran and Rodrigues, Nishant and Daian, Philip and Guth, Dwight and Rosu, Grigore},
  year={2017}
}


@article{DBLP:journals/corr/abs-1811-10403,
  author    = {Elvira Albert and
               Pablo Gordillo and
               Albert Rubio and
               Ilya Sergey},
  title     = {{GASTAP:} {A} Gas Analyzer for Smart Contracts},
  journal   = {CoRR},
  volume    = {abs/1811.10403},
  year      = {2018},
  url       = {http://arxiv.org/abs/1811.10403},
  archivePrefix = {arXiv},
  eprint    = {1811.10403},
  timestamp = {Fri, 30 Nov 2018 12:44:28 +0100},
  biburl    = {https://dblp.org/rec/bib/journals/corr/abs-1811-10403},
  bibsource = {dblp computer science bibliography, https://dblp.org}
}


@inproceedings{albert2018ethir,
  title={Ethir: A framework for high-level analysis of ethereum bytecode},
  author={Albert, Elvira and Gordillo, Pablo and Livshits, Benjamin and Rubio, Albert and Sergey, Ilya},
  booktitle={International Symposium on Automated Technology for Verification and Analysis},
  pages={513--520},
  year={2018},
  organization={Springer}
}
